<record><leader>00000cas a22000007a 4500</leader><controlfield tag="001">11891019</controlfield><controlfield tag="008">850408d19551964inudn ne      0    0eng d</controlfield><datafield ind1=" " ind2=" " tag="010"><subfield code="a">sn 85047535 </subfield></datafield><datafield ind1=" " ind2=" " tag="040"><subfield code="a">NPI</subfield><subfield code="b">eng</subfield><subfield code="c">NPI</subfield><subfield code="d">OCLCQ</subfield></datafield><datafield ind1=" " ind2=" " tag="042"><subfield code="a">msc</subfield></datafield><datafield ind1="0" ind2=" " tag="130"><subfield code="a">Washington daily times (Washington, Ind.)</subfield></datafield><datafield ind1="1" ind2="4" tag="245"><subfield code="a">The Washington daily times.</subfield></datafield><datafield ind1=" " ind2=" " tag="260"><subfield code="a">Washington, Ind. :</subfield><subfield code="b">Boyd &amp; Backes,</subfield><subfield code="c">1955-1964.</subfield></datafield><datafield ind1=" " ind2=" " tag="300"><subfield code="a">10 v. :</subfield><subfield code="b">ill. ;</subfield><subfield code="c">57 cm.</subfield></datafield><datafield ind1=" " ind2=" " tag="310"><subfield code="a">Daily (except Sun.)</subfield></datafield><datafield ind1="0" ind2=" " tag="362"><subfield code="a">Vol. 68, no. 181 (Jan. 3, 1955)-v. 77, no. 304 (May 29, 1964).</subfield></datafield><datafield ind1=" " ind2=" " tag="752"><subfield code="a">United States</subfield><subfield code="b">Indiana</subfield><subfield code="c">Daviess</subfield><subfield code="d">Washington.</subfield></datafield><datafield ind1="0" ind2="0" tag="780"><subfield code="t">Washington Democrat (Washington, Ind.: 1886)</subfield><subfield code="w">(DLC)sn 85047534</subfield><subfield code="w">(OCoLC)11890983</subfield></datafield><datafield ind1="0" ind2="7" tag="785"><subfield code="t">Washington herald (Washington, Ind. : 1905)</subfield><subfield code="w">(DLC)sn 86058829</subfield><subfield code="w">(OCoLC)14283713</subfield></datafield><datafield ind1="0" ind2="7" tag="785"><subfield code="t">Washington times-herald (Washington, Ind.)</subfield><subfield code="w">(DLC)sn 85047536</subfield><subfield code="w">(OCoLC)11891070</subfield></datafield></record>